@book{siciliano,
  title={Robotics: modelling, planning and control},
  author={Siciliano, Bruno and Sciavicco, Lorenzo and Villani, Luigi and Oriolo, Giuseppe},
  year={2010},
  publisher={Springer Science \& Business Media}
}
@article{bascetta,
	title={MPC-based control architecture of an autonomous wheelchair for indoor environments},
	author={Bardaro, Gianluca and Bascetta, Luca and Ceravolo, Eugenio and Farina, Marcello and Gabellone, Mauro and Matteucci, Matteo},
	journal={Control Engineering Practice},
	volume={78},
	pages={160--174},
	year={2018},
	publisher={Elsevier}
}
@article{DH,
	title={A Kinematic Notation for Lower-Pair Mechanisms Based on Matrices},
	author={Denavit, Jacques and Hartenberg, R.S.},
	journal={ASME Journal of Applied Mechanics},
	year={1955}
}
@inproceedings{lee2018modeling,
  title={Modeling and Control of a Articulated Robot Arm with Embedded Joint Actuators},
  author={Lee, Kichang and Lee, Jiyoung and Woo, Bungchul and Lee, Jeongwook and Lee, Young-Jin and Ra, Syungkwon},
  booktitle={2018 International Conference on Information and Communication Technology Robotics (ICT-ROBOT)},
  pages={1--4},
  year={2018},
  organization={IEEE}
}
@book{dixon,
	title={Nonlinear control of wheeled mobile robots},
	author={Dixon, Warren and Dawson, Darren M and Zergeroglu, Erkan and Behal, Aman},
	year={2001},
	publisher={Springer}
}
@article{samson,
	title={Control of chained systems application to path following and time-varying point-stabilization of mobile robots},
	author={Samson, Claude},
	journal={IEEE transactions on Automatic Control},
	volume={40},
	number={1},
	pages={64--77},
	year={1995},
	publisher={IEEE}
}
@incollection{samsonCanudas,
	title={Nonlinear control design for mobile robots},
	author={Wit, C Canudas de and Khennouf, Hayate and Samson, Claude and Sordalen, Ole J},
	booktitle={Recent trends in mobile robots},
	pages={121--156},
	year={1993},
	publisher={World Scientific}
}
@article{dandreanovel,
	title={Control of nonholonomic wheeled mobile robots by state feedback linearization},
	author={d'Andr{\'e}a-Novel, Brigitte and Campion, Gianni and Bastin, Georges},
	journal={The International journal of robotics research},
	volume={14},
	number={6},
	pages={543--559},
	year={1995},
	publisher={Sage Publications Sage CA: Thousand Oaks, CA}
}
@article{oriolo,
	title={WMR control via dynamic feedback linearization: design, implementation, and experimental validation},
	author={Oriolo, Giuseppe and De Luca, Alessandro and Vendittelli, Marilena},
	journal={IEEE Transactions on control systems technology},
	volume={10},
	number={6},
	pages={835--852},
	year={2002},
	publisher={IEEE}
}
@article{tanXi,
	title={Integrated task planning and control for mobile manipulators},
	author={Tan, Jindong and Xi, Ning and Wang, Yuechao},
	journal={The International Journal of Robotics Research},
	volume={22},
	number={5},
	pages={337--354},
	year={2003},
	publisher={SAGE Publications}
}
@inproceedings{yamamoto,
	title={Coordinating locomotion and manipulation of a mobile manipulator},
	author={Yamamoto, Yoshio and Yun, Xiaoping},
	booktitle={Decision and Control, 1992., Proceedings of the 31st IEEE Conference on},
	pages={2643--2648},
	year={1992},
	organization={IEEE}
}
@article{yamamoto1,
	title={Effect of the dynamic interaction on coordinated control of mobile manipulators},
	author={Yamamoto, Yoshio and Yun, Xiaoping},
	journal={IEEE Transactions on Robotics and Automation},
	volume={12},
	number={5},
	pages={816--824},
	year={1996},
	publisher={IEEE}
}
@inproceedings{liulewis,
	title={Decentralized continuous robust controller for mobile robots},
	author={Liu, Kai and Lewis, Frank L},
	booktitle={Robotics and Automation, 1990. Proceedings., 1990 IEEE International Conference on},
	pages={1822--1827},
	year={1990},
	organization={IEEE}
}
@article{chung1998interaction,
	title={Interaction control of a redundant mobile manipulator},
	author={Chung, Jae H and Velinsky, Steven A and Hess, Ronald A},
	journal={The International Journal of Robotics Research},
	volume={17},
	number={12},
	pages={1302--1309},
	year={1998},
	publisher={Sage Publications Sage CA: Thousand Oaks, CA}
}
@article{chen1997dynamic,
	title={Dynamic modelling and genetic-based trajectory generation for non-holonomic mobile manipulators},
	author={Chen, MW and Zalzala, AMS},
	journal={Control Engineering Practice},
	volume={5},
	number={1},
	pages={39--48},
	year={1997},
	publisher={Elsevier}
}
@inproceedings{bayle,
	title={Kinematic control of wheeled mobile manipulators.},
	author={Bayle, Bernard and Fourquet, Jean-Yves and Lamiraux, Florent and Renaud, Marc},
	booktitle={IROS},
	pages={1572--1577},
	year={2002}
}
@inproceedings{bayle1,
	title={A coordination strategy for mobile manipulation},
	author={Bayle, Bernard and Fourquet, Jean-Yves and Renaud, Marc},
	booktitle={Proceedings of 6th Intern. Conference on Intelligent Autonomous Systems (IAS-6)},
	year={2000},
	organization={Citeseer}
}	
@article{brockett,
	title={Asymptotic stability and feedback stabilization},
	author={Brockett, Roger W and others},
	journal={Differential geometric control theory},
	volume={27},
	number={1},
	pages={181--191},
	year={1983},
	publisher={Boston}
}
@inproceedings{multicriteria,
	title={Multi-criteria position and configuration optimization for redundant platform/manipulator systems},
	author={Pin, Francois G and Culioli, J-C},
	booktitle={Intelligent Robots and Systems' 90.'Towards a New Frontier of Applications', Proceedings. IROS'90. IEEE International Workshop on},
	pages={103--107},
	year={1990},
	organization={IEEE}
}
@inproceedings{seraji1993,
	title={An on-line approach to coordinated mobility and manipulation},
	author={Seraji, Homayoun},
	booktitle={Robotics and Automation, 1993. Proceedings., 1993 IEEE International Conference on},
	pages={28--35},
	year={1993},
	organization={IEEE}
}
@article{seraji1998,
	title={A unified approach to motion control of mobile manipulators},
	author={Seraji, Homayoun},
	journal={The International Journal of Robotics Research},
	volume={17},
	number={2},
	pages={107--118},
	year={1998},
	publisher={Sage Publications Sage CA: Thousand Oaks, CA}
}
@inproceedings{mikschschroeder,
	title={Performance-functional based controller design for a mobile manipulator},
	author={Miksch, Willy and Schroeder, D},
	booktitle={Robotics and Automation, 1992. Proceedings., 1992 IEEE International Conference on},
	pages={227--232},
	year={1992},
	organization={IEEE}
}

@article{craig1987adaptive,
  title={Adaptive control of mechanical manipulators},
  author={Craig, John J and Hsu, Ping and Sastry, S Shankar},
  journal={The International Journal of Robotics Research},
  volume={6},
  number={2},
  pages={16--28},
  year={1987},
  publisher={Sage Publications Sage UK: London, England}
}
@inproceedings{yoshikawa1983,
	title={Analysis and control of robot manipulators with redundancy},
	author={Yoshikawa, Tsuneo},
	booktitle={Robotics research: the first international symposium},
	pages={735--747},
	year={1983},
	organization={MIT press Cambridge, MA}
}
@article{yoshikawa1985,
	title={Manipulability of robotic mechanisms},
	author={Yoshikawa, Tsuneo},
	journal={The international journal of Robotics Research},
	volume={4},
	number={2},
	pages={3--9},
	year={1985},
	publisher={Sage Publications Sage CA: Thousand Oaks, CA}
}
@article{khatib1999,
	title={Mobile manipulation: The robotic assistant},
	author={Khatib, Oussama},
	journal={Robotics and Autonomous Systems},
	volume={26},
	number={2-3},
	pages={175--183},
	year={1999},
	publisher={North-Holland}
}

@book{kirk1970optimal,
  title={Optimal control theory: an introduction},
  author={Kirk, Donald E},
  year={1970},
  publisher={Springer},
  pages={86--95}
} 

@book{libromobilemanipulators,
	title={Fundamentals in modeling and control of mobile manipulators},
	author={Li, Zhijun and Ge, Shuzhi Sam},
	year={2016},
	publisher={CRC Press}
}

@book{camacho2013model,
  title={Model predictive control},
  author={Camacho, Eduardo F and Alba, Carlos Bordons},
  year={2013},
  publisher={Springer Science \& Business Media}
}
@article{bayle2,
	title={Manipulability of wheeled mobile manipulators: Application to motion generation},
	author={Bayle, Bernard and Fourquet, J-Y and Renaud, Marc},
	journal={The International Journal of Robotics Research},
	volume={22},
	number={7-8},
	pages={565--581},
	year={2003},
	publisher={SAGE Publications}
}
@incollection{khatib1986,
	title={Real-time obstacle avoidance for manipulators and mobile robots},
	author={Khatib, Oussama},
	booktitle={Autonomous robot vehicles},
	pages={396--404},
	year={1986},
	publisher={Springer}
}
@article{perdereau2002,
	title={Real-time control of redundant robotic manipulators for mobile obstacle avoidance},
	author={Perdereau, V{\'e}ronique and Passi, C and Drouin, Michel},
	journal={Robotics and Autonomous Systems},
	volume={41},
	number={1},
	pages={41--59},
	year={2002},
	publisher={Elsevier}
}
@inproceedings{yamamoto2,
	title={Coordinated obstacle avoidance of a mobile manipulator},
	author={Yamamoto, Yoshio and Yun, Xiaoping},
	booktitle={Robotics and Automation, 1995. Proceedings., 1995 IEEE International Conference on},
	volume={3},
	pages={2255--2260},
	year={1995},
	organization={IEEE}
}
@inproceedings{tanner2000,
	title={Nonholonomic motion planning for mobile manipulators},
	author={Tanner, Herbert G and Kyriakopoulos, Kostas J},
	booktitle={IEEE International Conference on Robotics and Automation},
	volume={2},
	pages={1233--1238},
	year={2000},
	organization={IEEE; 1999}
}
@inproceedings{brockKhatib,
	title={Task-consistent obstacle avoidance and motion behavior for mobile manipulation},
	author={Brock, Oliver and Khatib, Oussama and Viji, Sriram},
	booktitle={Robotics and Automation, 2002. Proceedings. ICRA'02. IEEE International Conference on},
	volume={1},
	pages={388--393},
	year={2002},
	organization={IEEE}
}
@article{falconatale,
	title={Low-level flexible planning for mobile manipulators: a distributed perception approach},
	author={Falco, Pietro and Natale, Ciro},
	journal={Advanced Robotics},
	volume={28},
	number={21},
	pages={1431--1444},
	year={2014},
	publisher={Taylor \& Francis}
}

@article{qin2003survey,
  title={A survey of industrial model predictive control technology},
  author={Qin, S Joe and Badgwell, Thomas A},
  journal={Control engineering practice},
  volume={11},
  number={7},
  pages={733--764},
  year={2003},
  publisher={Elsevier}
}

@book{magni2006complementi,
  title={Complementi di controlli automatici},
  author={Magni, Lalo and Scattolini, Riccardo},
  year={2006},
  publisher={Pitagora}
}

@misc{skkt,
  title={Proceedings of 2nd berkeley symposium},
  author={Kuhn, HW and Tucker, AW},
  year={1951},
  pages={481--492},
  publisher={Berkeley: University of California Press}
}
@article{rocco,
  title={Constrained model predictive control for mobile robotic manipulators},
  author={Avanzini, Giovanni Buizza and Zanchettin, Andrea Maria and Rocco, Paolo},
  journal={Robotica},
  volume={36},
  number={1},
  pages={19--38},
  year={2018},
  publisher={Cambridge University Press}
}
@inproceedings{lunni2017,
	title={Nonlinear model predictive control for aerial manipulation},
	author={Lunni, Dario and Santamaria-Navarro, Angel and Rossi, Roberto and Rocco, Paolo and Bascetta, Luca and Andrade-Cetto, Juan},
	booktitle={Unmanned Aircraft Systems (ICUAS), 2017 International Conference on},
	pages={87--93},
	year={2017},
	organization={IEEE}
}
@inproceedings{wanglang2010,
	title={An autonomous mobile grasping system using visual servoing and nonlinear model predictive control},
	author={Wang, Ying and Lang, Haoxiang and de Silva Clarence, W},
	booktitle={Control and Automation (ICCA), 2010 8th IEEE International Conference on},
	pages={86--91},
	year={2010},
	organization={IEEE}
}
@inproceedings{zube2015,
	title={Cartesian nonlinear model predictive control of redundant manipulators considering obstacles},
	author={Zube, Angelika},
	booktitle={Industrial Technology (ICIT), 2015 IEEE International Conference on},
	pages={137--142},
	year={2015},
	organization={IEEE}
}
@inproceedings{logothetis2018model,
	title={A Model Predictive Control Approach for Vision-Based Object Grasping via Mobile Manipulator},
	author={Logothetis, Michalis and Karras, George C and Heshmati-Alamdari, Shahab and Vlantis, Panagiotis and Kyriakopoulos, Kostas J},
	booktitle={2018 IEEE/RSJ International Conference on Intelligent Robots and Systems (IROS)},
	pages={1--6},
	year={2018},
	organization={IEEE}
}
@inproceedings{takubo,
	title={Real-time trajectory planning for mobile manipulator using model predictive control with constraints},
	author={Ide, Satoshi and Takubo, Tomohito and Ohara, Kenichi and Mae, Yasushi and Arai, Tatsuo},
	booktitle={Ubiquitous Robots and Ambient Intelligence (URAI), 2011 8th International Conference on},
	pages={244--249},
	year={2011},
	organization={IEEE}
}

@book{kelly2013mobile,
  title={Mobile robotics: mathematics, models, and methods},
  author={Kelly, Alonzo},
  year={2013},
  publisher={Cambridge University Press},
  pages={487--488},
}
